@article{page1999pagerank,
  title={The PageRank citation ranking: Bringing order to the web.},
  author={Page, Lawrence and Brin, Sergey and Motwani, Rajeev and Winograd, Terry},
  year={1999},
  publisher={Stanford InfoLab}
}
@article{van2008visualizing,
  title={Visualizing data using t-SNE},
  author={Van der Maaten, Laurens and Hinton, Geoffrey},
  journal={Journal of Machine Learning Research},
  volume={9},
  number={2579-2605},
  pages={85},
  year={2008}
}
@book{ricci2011introduction,
  title={Introduction to recommender systems handbook},
  author={Ricci, Francesco and Rokach, Lior and Shapira, Bracha},
  year={2011},
  publisher={Springer}
}
@article{bell2007lessons,
  title={Lessons from the Netflix prize challenge},
  author={Bell, Robert M and Koren, Yehuda},
  journal={ACM SIGKDD Explorations Newsletter},
  volume={9},
  number={2},
  pages={75--79},
  year={2007},
  publisher={ACM}
}
@incollection{zhou2008large,
  title={Large-scale parallel collaborative filtering for the netflix prize},
  author={Zhou, Yunhong and Wilkinson, Dennis and Schreiber, Robert and Pan, Rong},
  booktitle={Algorithmic Aspects in Information and Management},
  pages={337--348},
  year={2008},
  publisher={Springer}
}
@inproceedings{jamali2010matrix,
  title={A matrix factorization technique with trust propagation for recommendation in social networks},
  author={Jamali, Mohsen and Ester, Martin},
  booktitle={Proceedings of the fourth ACM conference on Recommender systems},
  pages={135--142},
  year={2010},
  organization={ACM}
}
@article{krishnapuram2005sparse,
  title={Sparse multinomial logistic regression: Fast algorithms and generalization bounds},
  author={Krishnapuram, Balaji and Carin, Lawrence and Figueiredo, Mario AT and Hartemink, Alexander J},
  journal={Pattern Analysis and Machine Intelligence, IEEE Transactions on},
  volume={27},
  number={6},
  pages={957--968},
  year={2005},
  publisher={IEEE}
}